






@manual{PPS:proj, 
    title = "{ATLAS Upgrage Planar Pixel Sensor R\&D Project}",
  url = "https://edms.cern.ch/document/966140",
}

@article{ATLAS,
      author         = "Aad, G. and others",
      collaboration  = "ATLAS Collaboration",
      journal        = "JINST",
      volume         = "3",
      pages          = "S08003",
      doi            = "10.1088/1748-0221/3/08/S08003",
      year           = "2008"
}

@TECHREPORT{AtlasID1,
                 author = "{ATLAS collaboration}",
                 title = "Inner Detector - Technical Design Report, 1",
                 institution = "CERN",
                 key = "CERN-LHCC-97-016",
                 year = "1997",
                 URL = "http://cdsweb.cern.ch/record/331063"
                  }

@TECHREPORT{AtlasID2,
                 author = "{ATLAS collaboration}",
                 title = "Inner Detector - Technical Design Report, 2",
                 institution = "CERN",
                 key = "CERN-LHCC-97-017",
                 year = "1997",
                 URL = "http://cdsweb.cern.ch/record/381263"
                  }


@article{AtlasPixels,
      author         = "Aad, G. and Ackers, M. and Alberti, F.A. and Aleppo, M.
                        and Alimonti, G. and others",
      journal        = "JINST",
      volume         = "3",
      pages          = "P07007",
      doi            = "10.1088/1748-0221/3/07/P07007",
      year           = "2008",
      title=	"ATLAS pixel detector electronics and sensors"
}

@manual{LHC,
        title = "{LHC Technical Design Report}",
        url = "http://lhc.web.cern.ch/lhc/LHC-DesignReport.html"
}

@article{FEI3,
journal = "Nucl. Instr. and Meth. A",
volume = "565",
number = "1",
pages = "178 - 187",
year = "2006",
author = "{I.~Peric \it et al.}",
}

@article{SLHC,
journal = "Nucl. Instr. and Meth. A",
volume = "596",
number = "1",
pages = "43 - 47",
year = "2008",
author = "{A.~Tricomi}",
}

@article{fluences,
journal = "Nucl. Instr. and Meth. A",
volume = "541",
number = "1-2",
pages = "189 - 201",
year = "2005",
author = "{M.~Bruzzi {\it et al.}}"
}


@article{FEI4,
      author         = "{M.~Garcia-Sciveres {\it et al.}}",
      journal        = "Nucl. Instr. and Meth. A",
      volume         = "636",
      pages          = "S155-S159",
      year           = "2011",
     title={The FE-I4 pixel readout integrated circuit}
}



@TECHREPORT{IBLTDR,
                 author = "{ATLAS IBL Community}",
                 title = "ATLAS Insertable B-Layer Technical Design Report",
                 institution = "CERN",
                 key = "ATLAS TDR 19, CERN/LHCC 2010-013",
                 year = "2010",
                 URL = "http://cdsweb.cern.ch/record/1291633/files/ATLAS-TDR-019.pdf"
                  }


@article{Diamond,
journal = "Nucl. Instr. and Meth. A",
volume = "636",
pages = "125 - 129",
year = "2011",
author = "{D. Asner {\it et al.}}"
}

@article{3D,
journal = "Nucl. Instr. and Meth. A",
volume = "628",
number = "1",
pages = "216 - 220",
year = "2011",
author = "{P. Hansson {\it et al.}}",
}

@PHDTHESIS{moll-thesis,
                author = "{M.~Moll}",
                title="{Radiation Damage in Silicon Particle Detectors}",
                school="Hamburg",
                year="1999"
                 }

@article{Trapping,
journal = "Nucl. Instr. and Meth. A",
volume = "481",
number = "1-3",
pages = "297 - 305",
year = "2002",
author = "{G.~Kramberger {\it et al.}}"
}

@article{Triga,
title="Time development and flux dependence of neutron-irradiation induced defects in silicon pad detectors",
journal = "Nucl. Instr. and Meth. A",
volume = "426",
number = "1",
pages = "51 - 55",
year = "1999",
author = "{D.~Zontar {\it et al.} }"
}

@article{Casse,
author = "{G.~Casse {\it et. al}}",
year ="2010",
journal= "Nucl. Instr. and Meth. A",
 volume="624",
  pages="401",
}

@article{Qmult,
author="{G.~Kramberger {\it et al.}}", 
journal="{IEEE NSS Conference Record}",
year={2009},
volume={1},
number={24},
pages={1740 -1748},
}

@article{MultCasse,
author="{G.~Casse {\it et. al}}",
journal="{PoS(Vertex 2010)}",
year="2010",
}





@manual{AIDA,
        title = "{AIDA new icon : Advanced European Infrastructures for Detectors and Accelerators
        Project reference: 262025}",
        url = "http://aida.web.cern.ch/aida/index.html",
}

@manual{activeScipp,
      author="{M.~Christophersen}",
      title="{Laser-Scribing and Sidewall Passivation of P-Type Sensors}",
      url="{http://indico.cern.ch/getFile.py/access?contribId=7\&sessionId=1\&resId=1\&materialId=slides\&confId=114255}"
     
}

@article{3dKenney,
title={Results From 3-D Silicon Sensors With Wall
Electrodes: Near-Cell-Edge Sensitivity
Measurements as a Preview of
Active-Edge Sensors},
author="{C~.J~Kenney {\it et al.}}" ,
journal="{IEEE Transactions on Nuclear Science, }", 
volume="48", 
number="6", 
pages="2405-2410", 
year="2001",
}

@article{activeFBK,
journal = "Nucl. Instr. and Meth. A",
volume = "636",
number = "1, Supplement 1",
pages = "S15 - S23",
year = "2011",
author = "{G.~F.~ Dalla Betta {\it et al.}}",
}

@article{Unno07,
journal = "Nucl. Instr. and Meth. A",
volume = "636",
number = "1, Supplement 1",
pages = "S24 - S30",
year = "2011",
author = "{Y. Unno {\it et al.}}",
}

@article{EUDET,
author="{A.~Bulgheroni  {\it et al}}",
journal="{Nucl. Instr. and Meth.A}",
volume="{623}",
year="2010", 
pages="399",
}

@techreport{ref:eudetreport200902,
  author        = {Bulgheroni, A.},
  title         = {Results from the {EUDET} telescope with high resolution planes},
  number        = {EUDET-Report-2009-02},
  year          = {2009},
}

@INPROCEEDINGS{mimosa,
author={Bulgheroni, A.},
booktitle={Nuclear Science Symposium Conference Record, 2007. NSS '07. IEEE}, title={First test beam results from the EUDET pixel telescope},
year={2007},
month={26 2007-nov. 3},
volume={3},
number={},
pages={1878 -1884},
doi={10.1109/NSSMIC.2007.4436523},
}

@ARTICLE{mimosa22,
author={Orsini, F. {\it et al.}},
journal={Nuclear Science, IEEE Transactions on}, title={A Radiation Hard Digital Monolithic Pixel Sensor for the EUDET-JRA1 Project},
year={2010},
month={aug. },
volume={57},
number={4},
pages={2287 -2293},
doi={10.1109/TNS.2010.2050148},
}

@article{HuGuo2010480,
title = "First reticule size {MAPS} with digital output and integrated zero suppression for the {EUDET-JRA1} beam telescope ",
journal = "Nucl. Instrum. Methods Phys. Rev. A",
volume = "623",
number = "1",
pages = "480 - 482",
year = "2010",
note = "1st International Conference on Technology and Instrumentation in Particle Physics ",
issn = "0168-9002",
doi = "http://dx.doi.org/10.1016/j.nima.2010.03.043",
howpublished    = {\url{http://www.sciencedirect.com/science/article/pii/S0168900210006078}},
author = "C. Hu-Guo and others"
}

#@article{mimosa26,
author="{C.~Hu-Guo, {\it et al.}}",
journal="{Nucl. Instr. and Meth. A}",
volume="623",
year="2010",
pages="480"
}

@article{CalderiniHiroshima,
journal = "Nucl. Instr. and Meth. A",
volume = "636",
number = "1, Supplement 1",
pages = "S37 - S41",
year = "2011",
author = "{G.~Calderini {\it et al.}}",
}

@article{nTUD,
  author="{S.~Altenheiner {\it et al.}}", 
  journal="{Nucl. Instr. and Meth. A, }",
   year="{2011}",
   doi="{10.1016/j.Nucl. Instr. and Meth. A.2011.05.074}",
}

@INPROCEEDINGS{Sadro2009,
author="{V.~Fadeyev {\it et al.}}",
booktitle={Nuclear Science Symposium Conference Record (NSS/MIC), 2009 IEEE}, title={Improving pixel detectors: Active area optimization and high temperature annealing},
year={2009},
volume={24},
pages={1674 -1677},
}

@article{Benoit:2009zz,
      author         = "{M.~Benoit {\it et al.}}",
      journal        = "JINST",
      volume         = "4",
      pages          = "P03025",
      year           = "2009",
}

@manual{Silvaco,
      title="{Silvaco International Inc., 4701 Patrick Henry Drive, Bldg 2
Santa Clara, CA 95054}",
      url="{http://www.silvaco.com/}"
     
}

@techreport{rd50-2007,
      author = "{M.~Bruzzi and M.~Moll}",
      institution="{CERN}",
      year="{2007}",
      note="{RD50 status report}",
      url="{http://cdsweb.cern.ch/record/1082083/files/RD50statusreport.pdf}"
     
}

@manual{Anna,
        author = "{A.~Macchiolo}",
        note = "these proceedings",
}


@manual{IBL,
        author = "{P.~Grenier}",
        note = "these proceedings",
}


@ARTICLE{Casse2e16,
author="{G. Casse {\it et al.}}",
journal={Nuclear Science, IEEE Transactions on}, 
volume={56},
number={3},
pages={765 -770},
year={2009},
}


@article{Moscatelli-2002,
author="{F. ~Moscatelli {\it et al.}}",
journal="Nucl. Instrum. Meth. B", 
volume="186", 
pages="171", 
year="2002",
}

@article{Moscatelli-2004,
 author="{F. ~Moscatelli {\it et al.}}",
journal= "IEEE Trans. Nucl. Sci.", 
volume=51, 
number=4,
pages="1759-1765", 
 year=2004
}

@article{Moscatelli-2006,
 author="{F. ~Moscatelli {\it et al.}}", 
 journal= "Nucl. Instrum. Meth. A",
  volume="563", 
  number=1, 
  pages="192-195", 
  year=2006
}

@article{bib:nim2012,
author="{M.~Bomben {\it et al.}}",
title="{Development of Edgeless n-on-p Planar Pixel Sensors for future ATLAS Upgrades}",
journal="Nucl. Instr.  and Meth. A", 
volume="712", 
year="2013", 
pages="41-47"
}

@article{bib:MPI,
title="Characterization and performance of silicon n-in-p pixel detectors for the ATLAS upgrades",
author="P. Weigell {\it et al.}", 
journal="Nucl. Instr. and Meth. A", 
volume="658", 
year="2011",
pages="36-40"
}

@techreport{Rossi:1471000,
      author        = "Rossi, L and Brüning, O",
      title         = "{High Luminosity Large Hadron Collider  A description for
                       the European Strategy Preparatory Group}",
      institution   = "CERN",
      collaboration = "The project is partially supported by the EC as FP7 HiLumi
                       LHC Design Study under grant no. 284404 Collaboration",
      address       = "Geneva",
      number        = "CERN-ATS-2012-236",
      month         = "Aug",
      year          = "2012",
}

@ARTICLE{6522814, 
author={Giacomini, G. and Bagolini, A. and Boscardin, M. and Dalla Betta, G.-F. and Mattedi, F. and Povoli, M. and Vianello, E. and Zorzi, N.}, 
journal={Nuclear Science, IEEE Transactions on}, 
title={Development of Double-Sided Full-Passing-Column 3D Sensors at FBK}, 
year={2013}, 
volume={60}, 
number={3}, 
pages={2357-2366}, 
keywords={electrodes;nuclear electronics;position sensitive particle detectors;readout electronics;research and development;sensors;silicon radiation detectors;3D pixel sensors;3D sensor process developments;ATLAS 3D sensor prototypes;ATLAS Insertable B-Layer;FBK;Fondazione Bruno Kessler;Italy;R&D project;Trento;columnar electrodes;design options;double-sided full-passing-column 3D sensors;medium volume productions;multiple ohmic column termination;readout chip FE-I4;silicon radiation detectors;slim edges;wafer layouts;3D Sensors;Electrical characterization;TCAD simulations;fabrication technology;silicon radiation detectors;slim edge}, 
doi={10.1109/TNS.2013.2262951}, 
ISSN={0018-9499},}

@ARTICLE{2013arXiv1311.1628B,
   author = {{Bomben}, M. and {Bagolini}, A. and {Boscardin}, M. and {Bosisio}, L. and 
	{Calderini}, G. and {Chauveau}, J. and {Giacomini}, G. and {La Rosa}, A. and 
	{Marchori}, G. and {Zorzi}, N.},
    title = "{Electrical Characterization of a Thin Edgeless N-on-p Planar Pixel Sensors For ATLAS Upgrades}",
  journal = {ArXiv e-prints},
archivePrefix = "arXiv",
   eprint = {1311.1628},
 primaryClass = "physics.ins-det",
 keywords = {Physics - Instrumentation and Detectors, High Energy Physics - Experiment},
     year = 2013,
    month = nov,
   adsurl = {http://adsabs.harvard.edu/abs/2013arXiv1311.1628B},
  adsnote = {Provided by the SAO/NASA Astrophysics Data System}
}

  	
@article{bib:PPS,
  author={C. Nellist},
  title={Achievements of the ATLAS upgrade Planar Pixel Sensors R\&D Project},
  journal={Journal of Instrumentation},
  volume={10},
  number={01},
  pages={C01027},
  url={http://stacks.iop.org/1748-0221/10/i=01/a=C01027},
  year={2015},
}

@techreport{HL-LHC,
      author        = "McMahon, S and Allport, P and Hayward, H and Di Girolamo,
                       B",
      title         = "{Initial Design Report of the ITk: Initial Design Report
                       of the ITk}",
      institution   = "CERN",
      address       = "Geneva",
      number        = "ATL-COM-UPGRADE-2014-029",
      month         = "Oct",
      year          = "2014",
      reportNumber  = "ATL-COM-UPGRADE-2014-029",
      url           = "https://cds.cern.ch/record/1952548"
}


@INPROCEEDINGS{bib:metal,
  author={Vianello, E. and Bagolini, A. and Bellutti, Pierluigi and Boscardin, M. and Betta, G.-F.D. and Giacomini, G. and Piemonte, C. and Povoli, M. and Zorzi, N.},
  booktitle={Nuclear Science Symposium and Medical Imaging Conference (NSS/MIC), 2011 IEEE},
  title={Optimization of double-side 3D detector technology for first productions at FBK},
  year={2011},
  pages={523-528},
  keywords={electrodes;silicon radiation detectors;3D pixel sensors;3D-DTTC;ATLAS IBL;FBK;double column 3D detectors;double side 3D detector technology optimization;double sided 3D detectors;passing columns;Continuous wavelet transforms;Electric breakdown;Three dimensional displays},
  doi={10.1109/NSSMIC.2011.6154102},
  ISSN={1082-3654},
  month={Oct},}

@manual{desytb,
    key={desy testbeam},
    title="testbeam.desy.de",
    url="testbeam.desy.de",}

@manual{eutelescope,
    key={eutelescope},
    title="http://eutelescope.web.cern.ch/",
    url="http://eutelescope.web.cern.ch/",}


@manual{tbmon2,
    key={tbmon2},
    title="https://bitbucket.org/TBmon2/tbmon2/overview",
    url="https://bitbucket.org/TBmon2/tbmon2/overview",}
    
 @PHDTHESIS{zhang-thesis,
                author = "{J.~Zhang}",
                title="{X-ray Radiation Damage Studies and Design of a Silicon Pixel Sensorfor Science at the XFEL}",
                school="Hamburg",
                year="2013",
                month="June",
                ISSN={1435-8085},
                note="{DESY-THESIS-2013-018}"
                 }

@article{Passeri2015,
title = "Modeling of radiation damage effects in silicon detectors at high fluences HL-LHC with Sentaurus \{TCAD\} ",
journal = "Nuclear Instruments and Methods in Physics Research Section A: Accelerators, Spectrometers, Detectors and Associated Equipment ",
volume = "",
number = "",
pages = " - ",
year = "2015",
note = "",
issn = "0168-9002",
doi = "http://dx.doi.org/10.1016/j.nima.2015.08.039",
url = "http://www.sciencedirect.com/science/article/pii/S0168900215009730",
author = "D. Passeri and F. Moscatelli and A. Morozzi and G.M. Bilei",
keywords = "TCAD",
keywords = "Radiation damage",
keywords = "Silicon detectors ",
abstract = "Abstract In this work we propose the application of an enhanced radiation damage model based on the introduction of deep level traps/recombination centers suitable for device level numerical simulation of silicon detectors at very high fluences (e.g. 2.0 √ó 10 16 1 MeV equivalent neutrons/cm2). We present the comparison between simulation results and experimental data for p-type substrate structures in different operating conditions (temperature and biasing voltages) for fluences up to 2.2 √ó 10 16 neutrons/cm2. The good agreement between simulation findings and experimental measurements fosters the application of this modeling scheme to the optimization of the next silicon detectors to be used at HL-LHC. "
}


    
